<record><leader>00000cas a2200000 a 4500</leader><controlfield tag="001">29563503</controlfield><controlfield tag="008">931230c19uu9999miucr n       0   a0eng c</controlfield><datafield ind1=" " ind2=" " tag="010"><subfield code="a">sn 97063313 </subfield></datafield><datafield ind1=" " ind2=" " tag="040"><subfield code="a">EZH</subfield><subfield code="b">eng</subfield><subfield code="c">EZH</subfield><subfield code="d">MHN</subfield><subfield code="d">NSD</subfield><subfield code="d">OCLCQ</subfield><subfield code="d">CUS</subfield><subfield code="d">OCLCQ</subfield><subfield code="d">OCLCF</subfield></datafield><datafield ind1=" " ind2=" " tag="012"><subfield code="l">1</subfield></datafield><datafield ind1="1" ind2=" " tag="022"><subfield code="a">1523-6544</subfield><subfield code="l">1523-6544</subfield><subfield code="2">1</subfield></datafield><datafield ind1="1" ind2=" " tag="029"><subfield code="a">AU@</subfield><subfield code="b">000025923080</subfield></datafield><datafield ind1=" " ind2=" " tag="042"><subfield code="a">pcc</subfield><subfield code="a">nsdp</subfield></datafield><datafield ind1=" " ind2=" " tag="043"><subfield code="a">n-us-mi</subfield></datafield><datafield ind1=" " ind2="4" tag="222"><subfield code="a">The Davison flagstaff</subfield></datafield><datafield ind1="0" ind2="4" tag="245"><subfield code="a">The Davison flagstaff.</subfield></datafield><datafield ind1=" " ind2=" " tag="260"><subfield code="3">19---? :</subfield><subfield code="a">[Grand Blanc, Mich.] :</subfield><subfield code="b">Flint Area Newspapers</subfield></datafield><datafield ind1="3" ind2=" " tag="260"><subfield code="3">&lt;199?-&gt;</subfield><subfield code="a">[Grand Blanc, Mich.] :</subfield><subfield code="b">Flint Advance Newspapers.</subfield></datafield><datafield ind1=" " ind2=" " tag="300"><subfield code="a">v. :</subfield><subfield code="b">ill. ;</subfield><subfield code="c">58 cm.</subfield></datafield><datafield ind1=" " ind2=" " tag="310"><subfield code="a">Semiweekly (Sun., Thurs.)</subfield></datafield><datafield ind1=" " ind2=" " tag="500"><subfield code="a">At head of title since 199?: Advance.</subfield></datafield><datafield ind1=" " ind2=" " tag="588"><subfield code="a">Description based on: Vol. 4, no. 54 (Sun., Nov. 2, 1986).</subfield></datafield><datafield ind1=" " ind2="0" tag="651"><subfield code="a">Davison (Mich.)</subfield><subfield code="v">Newspapers.</subfield></datafield><datafield ind1=" " ind2="0" tag="651"><subfield code="a">Genesee County (Mich.)</subfield><subfield code="v">Newspapers.</subfield></datafield><datafield ind1=" " ind2="7" tag="655"><subfield code="a">Newspapers.</subfield><subfield code="2">fast</subfield><subfield code="0">(OCoLC)fst01423814</subfield></datafield><datafield ind1=" " ind2="7" tag="651"><subfield code="a">Michigan</subfield><subfield code="z">Davison.</subfield><subfield code="2">fast</subfield><subfield code="0">(OCoLC)fst01219767</subfield></datafield><datafield ind1=" " ind2="7" tag="651"><subfield code="a">Michigan</subfield><subfield code="z">Genesee County.</subfield><subfield code="2">fast</subfield><subfield code="0">(OCoLC)fst01214779</subfield></datafield><datafield ind1=" " ind2=" " tag="752"><subfield code="a">United States</subfield><subfield code="b">Michigan</subfield><subfield code="c">Genesee</subfield><subfield code="d">Davison.</subfield></datafield><datafield ind1="0" ind2="8" tag="776"><subfield code="i">Online version:</subfield><subfield code="t">Davison flagstaff (Online)</subfield><subfield code="w">(OCoLC)67617972</subfield></datafield></record>